%YAML 1.1
%TAG !u! tag:unity3d.com,2011:
--- !u!1 &515666500
GameObject:
  m_ObjectHideFlags: 0
  m_CorrespondingSourceObject: {fileID: 0}
  m_PrefabInstance: {fileID: 0}
  m_PrefabAsset: {fileID: 0}
  serializedVersion: 6
  m_Component:
  - component: {fileID: 515666501}
  - component: {fileID: 515666504}
  - component: {fileID: 515666503}
  - component: {fileID: 515666502}
  m_Layer: 5
  m_Name: Back
  m_TagString: Untagged
  m_Icon: {fileID: 0}
  m_NavMeshLayer: 0
  m_StaticEditorFlags: 0
  m_IsActive: 1
--- !u!224 &515666501
RectTransform:
  m_ObjectHideFlags: 0
  m_CorrespondingSourceObject: {fileID: 0}
  m_PrefabInstance: {fileID: 0}
  m_PrefabAsset: {fileID: 0}
  m_GameObject: {fileID: 515666500}
  m_LocalRotation: {x: 0, y: 0, z: 0, w: 1}
  m_LocalPosition: {x: 0, y: 0, z: 0}
  m_LocalScale: {x: 1, y: 1, z: 1}
  m_ConstrainProportionsScale: 0
  m_Children: []
  m_Father: {fileID: 3226287056342706276}
  m_RootOrder: 5
  m_LocalEulerAnglesHint: {x: 0, y: 0, z: 0}
  m_AnchorMin: {x: 0, y: 1}
  m_AnchorMax: {x: 0, y: 1}
  m_AnchoredPosition: {x: 88, y: -118}
  m_SizeDelta: {x: 60, y: 60}
  m_Pivot: {x: 0.5, y: 0.5}
--- !u!222 &515666504
CanvasRenderer:
  m_ObjectHideFlags: 0
  m_CorrespondingSourceObject: {fileID: 0}
  m_PrefabInstance: {fileID: 0}
  m_PrefabAsset: {fileID: 0}
  m_GameObject: {fileID: 515666500}
  m_CullTransparentMesh: 1
--- !u!114 &515666503
MonoBehaviour:
  m_ObjectHideFlags: 0
  m_CorrespondingSourceObject: {fileID: 0}
  m_PrefabInstance: {fileID: 0}
  m_PrefabAsset: {fileID: 0}
  m_GameObject: {fileID: 515666500}
  m_Enabled: 1
  m_EditorHideFlags: 0
  m_Script: {fileID: 11500000, guid: fe87c0e1cc204ed48ad3b37840f39efc, type: 3}
  m_Name: 
  m_EditorClassIdentifier: 
  m_Material: {fileID: 0}
  m_Color: {r: 1, g: 1, b: 1, a: 1}
  m_RaycastTarget: 1
  m_RaycastPadding: {x: 0, y: 0, z: 0, w: 0}
  m_Maskable: 1
  m_OnCullStateChanged:
    m_PersistentCalls:
      m_Calls: []
  m_Sprite: {fileID: 21300000, guid: 26d83e642ae60bd4ab18568e67593674, type: 3}
  m_Type: 0
  m_PreserveAspect: 0
  m_FillCenter: 1
  m_FillMethod: 4
  m_FillAmount: 1
  m_FillClockwise: 1
  m_FillOrigin: 0
  m_UseSpriteMesh: 0
  m_PixelsPerUnitMultiplier: 1
--- !u!114 &515666502
MonoBehaviour:
  m_ObjectHideFlags: 0
  m_CorrespondingSourceObject: {fileID: 0}
  m_PrefabInstance: {fileID: 0}
  m_PrefabAsset: {fileID: 0}
  m_GameObject: {fileID: 515666500}
  m_Enabled: 1
  m_EditorHideFlags: 0
  m_Script: {fileID: 11500000, guid: 4e29b1a8efbd4b44bb3f3716e73f07ff, type: 3}
  m_Name: 
  m_EditorClassIdentifier: 
  m_Navigation:
    m_Mode: 3
    m_WrapAround: 0
    m_SelectOnUp: {fileID: 0}
    m_SelectOnDown: {fileID: 0}
    m_SelectOnLeft: {fileID: 0}
    m_SelectOnRight: {fileID: 0}
  m_Transition: 1
  m_Colors:
    m_NormalColor: {r: 1, g: 1, b: 1, a: 1}
    m_HighlightedColor: {r: 0.9607843, g: 0.9607843, b: 0.9607843, a: 1}
    m_PressedColor: {r: 0.78431374, g: 0.78431374, b: 0.78431374, a: 1}
    m_SelectedColor: {r: 0.9607843, g: 0.9607843, b: 0.9607843, a: 1}
    m_DisabledColor: {r: 0.78431374, g: 0.78431374, b: 0.78431374, a: 0.5019608}
    m_ColorMultiplier: 1
    m_FadeDuration: 0.1
  m_SpriteState:
    m_HighlightedSprite: {fileID: 0}
    m_PressedSprite: {fileID: 0}
    m_SelectedSprite: {fileID: 0}
    m_DisabledSprite: {fileID: 0}
  m_AnimationTriggers:
    m_NormalTrigger: Normal
    m_HighlightedTrigger: Highlighted
    m_PressedTrigger: Pressed
    m_SelectedTrigger: Selected
    m_DisabledTrigger: Disabled
  m_Interactable: 1
  m_TargetGraphic: {fileID: 515666503}
  m_OnClick:
    m_PersistentCalls:
      m_Calls:
      - m_Target: {fileID: 0}
        m_TargetAssemblyTypeName: Back, Assembly-CSharp
        m_MethodName: BackButtton
        m_Mode: 1
        m_Arguments:
          m_ObjectArgument: {fileID: 0}
          m_ObjectArgumentAssemblyTypeName: UnityEngine.Object, UnityEngine
          m_IntArgument: 0
          m_FloatArgument: 0
          m_StringArgument: 
          m_BoolArgument: 0
        m_CallState: 2
--- !u!1001 &9165686751055209189
PrefabInstance:
  m_ObjectHideFlags: 0
  serializedVersion: 2
  m_Modification:
    m_TransformParent: {fileID: 0}
    m_Modifications:
    - target: {fileID: 355224120835378633, guid: 63bfd3dcc297d2346bb2beefe1daad40,
        type: 3}
      propertyPath: m_SizeDelta.x
      value: 267.037
      objectReference: {fileID: 0}
    - target: {fileID: 355224120835378633, guid: 63bfd3dcc297d2346bb2beefe1daad40,
        type: 3}
      propertyPath: m_AnchoredPosition.x
      value: -239.4809
      objectReference: {fileID: 0}
    - target: {fileID: 355224120835378633, guid: 63bfd3dcc297d2346bb2beefe1daad40,
        type: 3}
      propertyPath: m_AnchoredPosition.y
      value: 121
      objectReference: {fileID: 0}
    - target: {fileID: 2806845059322662631, guid: 63bfd3dcc297d2346bb2beefe1daad40,
        type: 3}
      propertyPath: m_Sprite
      value: 
      objectReference: {fileID: 21300000, guid: 032ca83e9637f814aa5c4fc77aaae1af,
        type: 3}
    - target: {fileID: 6049774049976391924, guid: 63bfd3dcc297d2346bb2beefe1daad40,
        type: 3}
      propertyPath: m_OnClick.m_PersistentCalls.m_Calls.Array.data[0].m_Target
      value: 
      objectReference: {fileID: 0}
    - target: {fileID: 6049774049976391925, guid: 63bfd3dcc297d2346bb2beefe1daad40,
        type: 3}
      propertyPath: m_Sprite
      value: 
      objectReference: {fileID: 21300000, guid: 2352aa600c480f84d925bedc75585e01,
        type: 3}
    - target: {fileID: 6049774049976391927, guid: 63bfd3dcc297d2346bb2beefe1daad40,
        type: 3}
      propertyPath: m_Pivot.y
      value: 0.5
      objectReference: {fileID: 0}
    - target: {fileID: 6049774049976391927, guid: 63bfd3dcc297d2346bb2beefe1daad40,
        type: 3}
      propertyPath: m_SizeDelta.x
      value: 100
      objectReference: {fileID: 0}
    - target: {fileID: 6049774049976391927, guid: 63bfd3dcc297d2346bb2beefe1daad40,
        type: 3}
      propertyPath: m_SizeDelta.y
      value: 100
      objectReference: {fileID: 0}
    - target: {fileID: 6049774049976391927, guid: 63bfd3dcc297d2346bb2beefe1daad40,
        type: 3}
      propertyPath: m_AnchoredPosition.y
      value: 194
      objectReference: {fileID: 0}
    - target: {fileID: 6049774050444765394, guid: 63bfd3dcc297d2346bb2beefe1daad40,
        type: 3}
      propertyPath: m_AnchorMax.x
      value: 0.5
      objectReference: {fileID: 0}
    - target: {fileID: 6049774050444765394, guid: 63bfd3dcc297d2346bb2beefe1daad40,
        type: 3}
      propertyPath: m_AnchorMax.y
      value: 0.5
      objectReference: {fileID: 0}
    - target: {fileID: 6049774050444765394, guid: 63bfd3dcc297d2346bb2beefe1daad40,
        type: 3}
      propertyPath: m_AnchorMin.x
      value: 0.5
      objectReference: {fileID: 0}
    - target: {fileID: 6049774050444765394, guid: 63bfd3dcc297d2346bb2beefe1daad40,
        type: 3}
      propertyPath: m_AnchorMin.y
      value: 0.5
      objectReference: {fileID: 0}
    - target: {fileID: 6049774050444765394, guid: 63bfd3dcc297d2346bb2beefe1daad40,
        type: 3}
      propertyPath: m_SizeDelta.x
      value: 96.186
      objectReference: {fileID: 0}
    - target: {fileID: 6049774050444765394, guid: 63bfd3dcc297d2346bb2beefe1daad40,
        type: 3}
      propertyPath: m_SizeDelta.y
      value: 80
      objectReference: {fileID: 0}
    - target: {fileID: 6049774050444765394, guid: 63bfd3dcc297d2346bb2beefe1daad40,
        type: 3}
      propertyPath: m_AnchoredPosition.x
      value: -14.121
      objectReference: {fileID: 0}
    - target: {fileID: 6049774050444765394, guid: 63bfd3dcc297d2346bb2beefe1daad40,
        type: 3}
      propertyPath: m_AnchoredPosition.y
      value: -100
      objectReference: {fileID: 0}
    - target: {fileID: 6049774050444765395, guid: 63bfd3dcc297d2346bb2beefe1daad40,
        type: 3}
      propertyPath: m_Sprite
      value: 
      objectReference: {fileID: 21300000, guid: 36311a4803bc32547808332205e4b78f,
        type: 3}
    - target: {fileID: 6049774050742497500, guid: 63bfd3dcc297d2346bb2beefe1daad40,
        type: 3}
      propertyPath: m_SizeDelta.x
      value: 60
      objectReference: {fileID: 0}
    - target: {fileID: 6049774050742497500, guid: 63bfd3dcc297d2346bb2beefe1daad40,
        type: 3}
      propertyPath: m_SizeDelta.y
      value: 50
      objectReference: {fileID: 0}
    - target: {fileID: 6049774050742497501, guid: 63bfd3dcc297d2346bb2beefe1daad40,
        type: 3}
      propertyPath: m_OnClick.m_PersistentCalls.m_Calls.Array.data[0].m_Target
      value: 
      objectReference: {fileID: 0}
    - target: {fileID: 6049774050751729792, guid: 63bfd3dcc297d2346bb2beefe1daad40,
        type: 3}
      propertyPath: m_IsActive
      value: 0
      objectReference: {fileID: 0}
    - target: {fileID: 6049774050751729793, guid: 63bfd3dcc297d2346bb2beefe1daad40,
        type: 3}
      propertyPath: m_Text
      value: "\u041B\u0443\u043D\u0430 - \u0435\u0434\u0438\u043D\u0441\u0442\u0432\u0435\u043D\u043D\u044B\u0439
        \u043E\u0431\u044A\u0435\u043A\u0442 \u043A\u0440\u043E\u043C\u0435 \u0417\u0435\u043C\u043B\u0438,
        \u043D\u0430 \u043A\u043E\u0442\u043E\u0440\u043E\u043C \u043F\u043E\u0431\u044B\u0432\u0430\u043B
        \u0447\u0435\u043B\u043E\u0432\u0435\u043A.\r\n\u041F\u043E\u0432\u0435\u0440\u0445\u043D\u043E\u0441\u0442\u044C
        \u041B\u0443\u043D\u044B \u0438\u0437\u0443\u0447\u0435\u043D\u0430 \u043B\u0443\u0447\u0448\u0435,
        \u0447\u0435\u043C \u0434\u043D\u043E \u043E\u043A\u0435\u0430\u043D\u0430.\r\n\u0421
        \u0417\u0435\u043C\u043B\u0438 \u043C\u043E\u0436\u043D\u043E \u0443\u0432\u0438\u0434\u0435\u0442\u044C
        59% \u043B\u0443\u043D\u043D\u043E\u0439 \u043F\u043E\u0432\u0435\u0440\u0445\u043D\u043E\u0441\u0442\u0438.\r\n\u0421\u0432\u044B\u0448\u0435
        40% \u0432\u0438\u0434\u0438\u043C\u043E\u0439 \u0441\u0442\u043E\u0440\u043E\u043D\u044B
        \u041B\u0443\u043D\u044B \u0437\u0430\u043D\u0438\u043C\u0430\u044E\u0442
        \u043C\u043E\u0440\u044F \u2014 \u0442\u0435\u043C\u043D\u044B\u0435 \u043D\u0438\u0437\u043C\u0435\u043D\u043D\u044B\u0435
        \u0443\u0447\u0430\u0441\u0442\u043A\u0438, \u043F\u043E\u043A\u0440\u044B\u0442\u044B\u0435
        \u0437\u0430\u0441\u0442\u044B\u0432\u0448\u0438\u043C\u0438 \u043B\u0430\u0432\u043E\u0432\u044B\u043C\u0438
        \u043E\u0442\u043B\u043E\u0436\u0435\u043D\u0438\u044F\u043C\u0438.\r\n\u041E\u0431\u0440\u0430\u0442\u043D\u0430\u044F
        \u0441\u0442\u043E\u0440\u043E\u043D\u0430 \u041B\u0443\u043D\u044B \u0432\u044B\u0448\u0435,
        \u043D\u043E \u0442\u0430\u043C \u043D\u0430\u0445\u043E\u0434\u0438\u0442\u0441\u044F
        \u0432\u0441\u0435\u0433\u043E \u043B\u0438\u0448\u044C 2 \u043C\u043E\u0440\u044F.
        \r\n\u0421\u0435\u0439\u0447\u0430\u0441 \u0443 \u041B\u0443\u043D\u044B
        \u043D\u0435\u0442 \u043C\u0430\u0433\u043D\u0438\u0442\u043D\u043E\u0433\u043E
        \u043F\u043E\u043B\u044F, \u0432 \u0434\u0430\u043B\u0435\u043A\u043E\u043C
        \u043F\u0440\u043E\u0448\u043B\u043E\u043C \u043E\u043D\u043E \u0431\u044B\u043B\u043E
        \u0441\u0438\u043B\u044C\u043D\u0435\u0435 \u0447\u0435\u043C \u0437\u0435\u043C\u043D\u043E\u0435\r.\n12
        \u0447\u0435\u043B\u043E\u0432\u0435\u043A \u0441\u0442\u0443\u043F\u0430\u043B\u0438
        \u043D\u0430 \u043F\u043E\u0432\u0435\u0440\u0445\u043D\u043E\u0441\u0442\u044C
        \u041B\u0443\u043D\u044B. \r\n\u041B\u0443\u043D\u0430 \u0443\u0434\u0430\u043B\u044F\u0435\u0442\u0441\u044F
        \u043E\u0442 \u0417\u0435\u043C\u043B\u0438 \u0441\u043E \u0441\u043A\u043E\u0440\u043E\u0441\u0442\u044C\u044E
        \u043F\u0440\u0438\u043C\u0435\u0440\u043D\u043E 3,8 \u0441\u043C \u0432
        \u0433\u043E\u0434. \u041F\u0440\u0438\u043C\u0435\u0440\u043D\u043E \u0447\u0435\u0440\u0435\u0437
        600 \u043C\u043B\u043D \u043B\u0435\u0442 \u0435\u0435 \u0432\u0438\u0434\u0438\u043C\u043E\u0441\u0442\u044C
        \u0443\u043C\u0435\u043D\u044C\u0448\u0438\u0442\u0441\u044F \u043D\u0430\u0441\u0442\u043E\u043B\u044C\u043A\u043E,
        \u0447\u0442\u043E \u043C\u044B \u043D\u0435 \u0441\u043C\u043E\u0436\u0435\u043C
        \u043D\u0430\u0431\u043B\u044E\u0434\u0430\u0442\u044C \u0441\u043E\u043B\u043D\u0435\u0447\u043D\u044B\u0435
        \u0437\u0430\u0442\u043C\u0435\u043D\u0438\u044F."
      objectReference: {fileID: 0}
    - target: {fileID: 6049774050838383233, guid: 63bfd3dcc297d2346bb2beefe1daad40,
        type: 3}
      propertyPath: m_Pivot.x
      value: 0
      objectReference: {fileID: 0}
    - target: {fileID: 6049774050838383233, guid: 63bfd3dcc297d2346bb2beefe1daad40,
        type: 3}
      propertyPath: m_Pivot.y
      value: 0
      objectReference: {fileID: 0}
    - target: {fileID: 6049774050838383233, guid: 63bfd3dcc297d2346bb2beefe1daad40,
        type: 3}
      propertyPath: m_RootOrder
      value: 0
      objectReference: {fileID: 0}
    - target: {fileID: 6049774050838383233, guid: 63bfd3dcc297d2346bb2beefe1daad40,
        type: 3}
      propertyPath: m_AnchorMax.x
      value: 0
      objectReference: {fileID: 0}
    - target: {fileID: 6049774050838383233, guid: 63bfd3dcc297d2346bb2beefe1daad40,
        type: 3}
      propertyPath: m_AnchorMax.y
      value: 0
      objectReference: {fileID: 0}
    - target: {fileID: 6049774050838383233, guid: 63bfd3dcc297d2346bb2beefe1daad40,
        type: 3}
      propertyPath: m_AnchorMin.x
      value: 0
      objectReference: {fileID: 0}
    - target: {fileID: 6049774050838383233, guid: 63bfd3dcc297d2346bb2beefe1daad40,
        type: 3}
      propertyPath: m_AnchorMin.y
      value: 0
      objectReference: {fileID: 0}
    - target: {fileID: 6049774050838383233, guid: 63bfd3dcc297d2346bb2beefe1daad40,
        type: 3}
      propertyPath: m_SizeDelta.x
      value: 0
      objectReference: {fileID: 0}
    - target: {fileID: 6049774050838383233, guid: 63bfd3dcc297d2346bb2beefe1daad40,
        type: 3}
      propertyPath: m_SizeDelta.y
      value: 0
      objectReference: {fileID: 0}
    - target: {fileID: 6049774050838383233, guid: 63bfd3dcc297d2346bb2beefe1daad40,
        type: 3}
      propertyPath: m_LocalPosition.x
      value: 0
      objectReference: {fileID: 0}
    - target: {fileID: 6049774050838383233, guid: 63bfd3dcc297d2346bb2beefe1daad40,
        type: 3}
      propertyPath: m_LocalPosition.y
      value: 0
      objectReference: {fileID: 0}
    - target: {fileID: 6049774050838383233, guid: 63bfd3dcc297d2346bb2beefe1daad40,
        type: 3}
      propertyPath: m_LocalPosition.z
      value: 0
      objectReference: {fileID: 0}
    - target: {fileID: 6049774050838383233, guid: 63bfd3dcc297d2346bb2beefe1daad40,
        type: 3}
      propertyPath: m_LocalRotation.w
      value: 1
      objectReference: {fileID: 0}
    - target: {fileID: 6049774050838383233, guid: 63bfd3dcc297d2346bb2beefe1daad40,
        type: 3}
      propertyPath: m_LocalRotation.x
      value: 0
      objectReference: {fileID: 0}
    - target: {fileID: 6049774050838383233, guid: 63bfd3dcc297d2346bb2beefe1daad40,
        type: 3}
      propertyPath: m_LocalRotation.y
      value: 0
      objectReference: {fileID: 0}
    - target: {fileID: 6049774050838383233, guid: 63bfd3dcc297d2346bb2beefe1daad40,
        type: 3}
      propertyPath: m_LocalRotation.z
      value: 0
      objectReference: {fileID: 0}
    - target: {fileID: 6049774050838383233, guid: 63bfd3dcc297d2346bb2beefe1daad40,
        type: 3}
      propertyPath: m_AnchoredPosition.x
      value: 0
      objectReference: {fileID: 0}
    - target: {fileID: 6049774050838383233, guid: 63bfd3dcc297d2346bb2beefe1daad40,
        type: 3}
      propertyPath: m_AnchoredPosition.y
      value: 0
      objectReference: {fileID: 0}
    - target: {fileID: 6049774050838383233, guid: 63bfd3dcc297d2346bb2beefe1daad40,
        type: 3}
      propertyPath: m_LocalEulerAnglesHint.x
      value: 0
      objectReference: {fileID: 0}
    - target: {fileID: 6049774050838383233, guid: 63bfd3dcc297d2346bb2beefe1daad40,
        type: 3}
      propertyPath: m_LocalEulerAnglesHint.y
      value: 0
      objectReference: {fileID: 0}
    - target: {fileID: 6049774050838383233, guid: 63bfd3dcc297d2346bb2beefe1daad40,
        type: 3}
      propertyPath: m_LocalEulerAnglesHint.z
      value: 0
      objectReference: {fileID: 0}
    - target: {fileID: 6049774050838383261, guid: 63bfd3dcc297d2346bb2beefe1daad40,
        type: 3}
      propertyPath: m_Name
      value: Canvas
      objectReference: {fileID: 0}
    - target: {fileID: 6049774051019141237, guid: 63bfd3dcc297d2346bb2beefe1daad40,
        type: 3}
      propertyPath: m_IsActive
      value: 0
      objectReference: {fileID: 0}
    - target: {fileID: 6049774051535311828, guid: 63bfd3dcc297d2346bb2beefe1daad40,
        type: 3}
      propertyPath: m_SizeDelta.x
      value: 100
      objectReference: {fileID: 0}
    - target: {fileID: 6049774051535311828, guid: 63bfd3dcc297d2346bb2beefe1daad40,
        type: 3}
      propertyPath: m_SizeDelta.y
      value: 100
      objectReference: {fileID: 0}
    - target: {fileID: 6049774051535311828, guid: 63bfd3dcc297d2346bb2beefe1daad40,
        type: 3}
      propertyPath: m_AnchoredPosition.x
      value: 200
      objectReference: {fileID: 0}
    - target: {fileID: 6049774051535311828, guid: 63bfd3dcc297d2346bb2beefe1daad40,
        type: 3}
      propertyPath: m_AnchoredPosition.y
      value: 194
      objectReference: {fileID: 0}
    - target: {fileID: 6049774051535311829, guid: 63bfd3dcc297d2346bb2beefe1daad40,
        type: 3}
      propertyPath: m_OnClick.m_PersistentCalls.m_Calls.Array.data[0].m_Target
      value: 
      objectReference: {fileID: 0}
    - target: {fileID: 6049774051535311834, guid: 63bfd3dcc297d2346bb2beefe1daad40,
        type: 3}
      propertyPath: m_Sprite
      value: 
      objectReference: {fileID: 21300000, guid: ac34636ce9540b34c8b97d9ee85829c7,
        type: 3}
    - target: {fileID: 6049774051904502581, guid: 63bfd3dcc297d2346bb2beefe1daad40,
        type: 3}
      propertyPath: m_OnClick.m_PersistentCalls.m_Calls.Array.data[0].m_Target
      value: 
      objectReference: {fileID: 0}
    - target: {fileID: 6049774051904502586, guid: 63bfd3dcc297d2346bb2beefe1daad40,
        type: 3}
      propertyPath: m_Sprite
      value: 
      objectReference: {fileID: 21300000, guid: 5a0979c96255aaf49b4ad57a223343b9,
        type: 3}
    - target: {fileID: 7076268931859340300, guid: 63bfd3dcc297d2346bb2beefe1daad40,
        type: 3}
      propertyPath: m_Sprite
      value: 
      objectReference: {fileID: 21300000, guid: 71f68a433db54a4429c21389ebfe5e79,
        type: 3}
    m_RemovedComponents: []
  m_SourcePrefab: {fileID: 100100000, guid: 63bfd3dcc297d2346bb2beefe1daad40, type: 3}
--- !u!224 &3226287056342706276 stripped
RectTransform:
  m_CorrespondingSourceObject: {fileID: 6049774050838383233, guid: 63bfd3dcc297d2346bb2beefe1daad40,
    type: 3}
  m_PrefabInstance: {fileID: 9165686751055209189}
  m_PrefabAsset: {fileID: 0}
